<?xml version="1.0" encoding="UTF-8"?><collection xmlns="http://www.loc.gov/MARC21/slim"><record><leader>00352nam--2200121-i-4500</leader><controlfield tag="001">000027698</controlfield><controlfield tag="002">20161230</controlfield><controlfield tag="005">20161230201036</controlfield><controlfield tag="008">060222s1000------------r-----000-0-eng-d</controlfield><datafield ind1=" " ind2=" " tag="080"><subfield code="a">001.89(100)</subfield></datafield><datafield ind1=" " ind2=" " tag="245"><subfield code="a">The europa year book 1969.africa, the americas, asia, australasia</subfield></datafield><datafield ind1=" " ind2=" " tag="260"><subfield code="a">London, Europa Publications Limited, 1969. Xvi + 1664p</subfield></datafield><datafield ind1=" " ind2=" " tag="852"><subfield code="a">31765</subfield></datafield></record></collection>